<?xml version="1.0" encoding="UTF-8"?>
  <record xmlns="http://www.loc.gov/MARC21/slim" type="Authority">
    <leader>00000nz  a2200000nc 4500</leader>
    <controlfield tag="001">120064065</controlfield>
    <controlfield tag="003">DE-101</controlfield>
    <controlfield tag="005">20220422091604.0</controlfield>
    <controlfield tag="008">980326n||aznnnaabn           | aaa    |c</controlfield>
    <datafield tag="024" ind1="7" ind2=" ">
      <subfield code="a">120064065</subfield>
      <subfield code="0">http://d-nb.info/gnd/120064065</subfield>
      <subfield code="2">gnd</subfield>
    </datafield>
    <datafield tag="024" ind1="7" ind2=" ">
      <subfield code="a">37738466</subfield>
      <subfield code="2">viaf</subfield>
    </datafield>
    <datafield tag="035" ind1=" " ind2=" ">
      <subfield code="a">(DE-101)120064065</subfield>
    </datafield>
    <datafield tag="035" ind1=" " ind2=" ">
      <subfield code="a">(DE-588)120064065</subfield>
    </datafield>
    <datafield tag="035" ind1=" " ind2=" ">
      <subfield code="z">(DE-588)101693761X</subfield>
    </datafield>
    <datafield tag="035" ind1=" " ind2=" ">
      <subfield code="z">(DE-588a)101693761X</subfield>
      <subfield code="9">v:zg</subfield>
    </datafield>
    <datafield tag="035" ind1=" " ind2=" ">
      <subfield code="z">(DE-588a)120064065</subfield>
      <subfield code="9">v:zg</subfield>
    </datafield>
    <datafield tag="040" ind1=" " ind2=" ">
      <subfield code="a">DE-12</subfield>
      <subfield code="c">DE-12</subfield>
      <subfield code="9">r:DE-12</subfield>
      <subfield code="b">ger</subfield>
      <subfield code="d">2214</subfield>
    </datafield>
    <datafield tag="042" ind1=" " ind2=" ">
      <subfield code="a">gnd1</subfield>
    </datafield>
    <datafield tag="043" ind1=" " ind2=" ">
      <subfield code="c">XA-DE</subfield>
    </datafield>
    <datafield tag="075" ind1=" " ind2=" ">
      <subfield code="b">p</subfield>
      <subfield code="2">gndgen</subfield>
    </datafield>
    <datafield tag="075" ind1=" " ind2=" ">
      <subfield code="b">piz</subfield>
      <subfield code="2">gndspec</subfield>
    </datafield>
    <datafield tag="079" ind1=" " ind2=" ">
      <subfield code="a">g</subfield>
      <subfield code="q">a</subfield>
      <subfield code="q">f</subfield>
      <subfield code="q">l</subfield>
    </datafield>
    <datafield tag="100" ind1="0" ind2=" ">
      <subfield code="a">Elisabeth</subfield>
      <subfield code="c">Holstein-Schauenburg, Gräfin</subfield>
      <subfield code="d">1592-1646</subfield>
    </datafield>
    <datafield tag="375" ind1=" " ind2=" ">
      <subfield code="a">2</subfield>
      <subfield code="2">iso5218</subfield>
    </datafield>
    <datafield tag="400" ind1="0" ind2=" ">
      <subfield code="a">Elisabeth</subfield>
      <subfield code="c">Holstein-Schaumburg, Gräfin</subfield>
      <subfield code="d">1592-1646</subfield>
    </datafield>
    <datafield tag="400" ind1="0" ind2=" ">
      <subfield code="a">Elisabeth</subfield>
      <subfield code="c">Holstein, Gräfin</subfield>
      <subfield code="d">1592-1646</subfield>
    </datafield>
    <datafield tag="400" ind1="0" ind2=" ">
      <subfield code="a">Elisabeth</subfield>
      <subfield code="c">Lippe, Gräfin</subfield>
      <subfield code="d">1592-1646</subfield>
    </datafield>
    <datafield tag="400" ind1="0" ind2=" ">
      <subfield code="a">Elisabeth</subfield>
      <subfield code="c">Holstein-Schaumburg-Sternberg, Gräfin</subfield>
      <subfield code="d">1592-1646</subfield>
    </datafield>
    <datafield tag="400" ind1="1" ind2=" ">
      <subfield code="a">Zur Lippe, Elisabeth</subfield>
      <subfield code="d">1592-1646</subfield>
      <subfield code="9">v:4ELRAKm</subfield>
    </datafield>
    <datafield tag="400" ind1="0" ind2=" ">
      <subfield code="a">Elisabetha</subfield>
      <subfield code="c">Holstein-Schauenburg, Gräfin</subfield>
      <subfield code="d">1592-1646</subfield>
    </datafield>
    <datafield tag="400" ind1="0" ind2=" ">
      <subfield code="a">Elisabeth</subfield>
      <subfield code="c">Holsatia-Schawenburgum-Sternberga, Comes</subfield>
      <subfield code="d">1592-1646</subfield>
    </datafield>
    <datafield tag="400" ind1="0" ind2=" ">
      <subfield code="a">Elisabeth</subfield>
      <subfield code="c">Lippia, Comes</subfield>
      <subfield code="d">1592-1646</subfield>
    </datafield>
    <datafield tag="400" ind1="0" ind2=" ">
      <subfield code="a">Elisabetha</subfield>
      <subfield code="c">Holsatia-Schawenburgum-Sternberga, Comes</subfield>
      <subfield code="d">1592-1646</subfield>
    </datafield>
    <datafield tag="400" ind1="0" ind2=" ">
      <subfield code="a">Elisabetha</subfield>
      <subfield code="c">Lippia, Comes</subfield>
      <subfield code="d">1592-1646</subfield>
    </datafield>
    <datafield tag="400" ind1="1" ind2=" ">
      <subfield code="a">ZurLippe, Elisabeth</subfield>
      <subfield code="d">1592-1646</subfield>
      <subfield code="9">v:RAK alt</subfield>
    </datafield>
    <datafield tag="500" ind1="0" ind2=" ">
      <subfield code="0">(DE-101)1081020415</subfield>
      <subfield code="0">(DE-588)1081020415</subfield>
      <subfield code="0">https://d-nb.info/gnd/1081020415</subfield>
      <subfield code="a">Georg Hermann</subfield>
      <subfield code="c">Holstein-Schaumburg, Graf</subfield>
      <subfield code="d">1577-1616</subfield>
      <subfield code="4">bezf</subfield>
      <subfield code="4">https://d-nb.info/standards/elementset/gnd#familialRelationship</subfield>
      <subfield code="w">r</subfield>
      <subfield code="i">Beziehung familiaer</subfield>
      <subfield code="e">Beziehung familiaer</subfield>
      <subfield code="9">v:Ehemann</subfield>
    </datafield>
    <datafield tag="500" ind1="0" ind2=" ">
      <subfield code="0">(DE-101)10211546X</subfield>
      <subfield code="0">(DE-588)10211546X</subfield>
      <subfield code="0">https://d-nb.info/gnd/10211546X</subfield>
      <subfield code="a">Otto</subfield>
      <subfield code="b">V.</subfield>
      <subfield code="c">Holstein-Schauenburg, Graf</subfield>
      <subfield code="d">1614-1640</subfield>
      <subfield code="4">bezf</subfield>
      <subfield code="4">https://d-nb.info/standards/elementset/gnd#familialRelationship</subfield>
      <subfield code="w">r</subfield>
      <subfield code="i">Beziehung familiaer</subfield>
      <subfield code="e">Beziehung familiaer</subfield>
      <subfield code="9">v:Sohn</subfield>
    </datafield>
    <datafield tag="500" ind1="0" ind2=" ">
      <subfield code="0">(DE-101)117397636</subfield>
      <subfield code="0">(DE-588)117397636</subfield>
      <subfield code="0">https://d-nb.info/gnd/117397636</subfield>
      <subfield code="a">Simon</subfield>
      <subfield code="b">VI.</subfield>
      <subfield code="c">Zur Lippe, Graf</subfield>
      <subfield code="d">1554-1613</subfield>
      <subfield code="4">bezf</subfield>
      <subfield code="4">https://d-nb.info/standards/elementset/gnd#familialRelationship</subfield>
      <subfield code="w">r</subfield>
      <subfield code="i">Beziehung familiaer</subfield>
      <subfield code="e">Beziehung familiaer</subfield>
      <subfield code="9">v:Vater</subfield>
    </datafield>
    <datafield tag="500" ind1="0" ind2=" ">
      <subfield code="0">(DE-101)130472700</subfield>
      <subfield code="0">(DE-588)130472700</subfield>
      <subfield code="0">https://d-nb.info/gnd/130472700</subfield>
      <subfield code="a">Simon</subfield>
      <subfield code="b">VII.</subfield>
      <subfield code="c">Lippe, Graf</subfield>
      <subfield code="d">1587-1627</subfield>
      <subfield code="4">bezf</subfield>
      <subfield code="4">https://d-nb.info/standards/elementset/gnd#familialRelationship</subfield>
      <subfield code="w">r</subfield>
      <subfield code="i">Beziehung familiaer</subfield>
      <subfield code="e">Beziehung familiaer</subfield>
      <subfield code="9">v:Bruder</subfield>
    </datafield>
    <datafield tag="500" ind1="1" ind2=" ">
      <subfield code="0">(DE-101)136721680</subfield>
      <subfield code="0">(DE-588)136721680</subfield>
      <subfield code="0">https://d-nb.info/gnd/136721680</subfield>
      <subfield code="a">Lippe, Hermann &#152;zur&#156;</subfield>
      <subfield code="d">1590-1620</subfield>
      <subfield code="4">bezf</subfield>
      <subfield code="4">https://d-nb.info/standards/elementset/gnd#familialRelationship</subfield>
      <subfield code="w">r</subfield>
      <subfield code="i">Beziehung familiaer</subfield>
      <subfield code="e">Beziehung familiaer</subfield>
      <subfield code="9">v:Bruder</subfield>
    </datafield>
    <datafield tag="500" ind1="0" ind2=" ">
      <subfield code="0">(DE-101)121110842</subfield>
      <subfield code="0">(DE-588)121110842</subfield>
      <subfield code="0">https://d-nb.info/gnd/121110842</subfield>
      <subfield code="a">Magdalena</subfield>
      <subfield code="c">Lippe, Gräfin</subfield>
      <subfield code="d">1595-1640</subfield>
      <subfield code="4">bezf</subfield>
      <subfield code="4">https://d-nb.info/standards/elementset/gnd#familialRelationship</subfield>
      <subfield code="w">r</subfield>
      <subfield code="i">Beziehung familiaer</subfield>
      <subfield code="e">Beziehung familiaer</subfield>
      <subfield code="9">v:Schwester</subfield>
    </datafield>
    <datafield tag="500" ind1="0" ind2=" ">
      <subfield code="0">(DE-101)189408685</subfield>
      <subfield code="0">(DE-588)189408685</subfield>
      <subfield code="0">https://d-nb.info/gnd/189408685</subfield>
      <subfield code="a">Otto</subfield>
      <subfield code="c">Zur Lippe, Graf</subfield>
      <subfield code="d">1589-1657</subfield>
      <subfield code="4">bezf</subfield>
      <subfield code="4">https://d-nb.info/standards/elementset/gnd#familialRelationship</subfield>
      <subfield code="w">r</subfield>
      <subfield code="i">Beziehung familiaer</subfield>
      <subfield code="e">Beziehung familiaer</subfield>
      <subfield code="9">v:Bruder</subfield>
    </datafield>
    <datafield tag="500" ind1="0" ind2=" ">
      <subfield code="0">(DE-101)123432626</subfield>
      <subfield code="0">(DE-588)123432626</subfield>
      <subfield code="0">https://d-nb.info/gnd/123432626</subfield>
      <subfield code="a">Philipp</subfield>
      <subfield code="c">Schaumburg-Lippe, Graf</subfield>
      <subfield code="d">1601-1681</subfield>
      <subfield code="4">bezf</subfield>
      <subfield code="4">https://d-nb.info/standards/elementset/gnd#familialRelationship</subfield>
      <subfield code="w">r</subfield>
      <subfield code="i">Beziehung familiaer</subfield>
      <subfield code="e">Beziehung familiaer</subfield>
      <subfield code="9">v:Bruder</subfield>
    </datafield>
    <datafield tag="548" ind1=" " ind2=" ">
      <subfield code="a">1592-1646</subfield>
      <subfield code="4">datl</subfield>
      <subfield code="4">https://d-nb.info/standards/elementset/gnd#dateOfBirthAndDeath</subfield>
      <subfield code="w">r</subfield>
      <subfield code="i">Lebensdaten</subfield>
      <subfield code="9">v:abweichendes Todesjahr: 1644</subfield>
    </datafield>
    <datafield tag="548" ind1=" " ind2=" ">
      <subfield code="a">09.07.1592-19.06.1646</subfield>
      <subfield code="4">datx</subfield>
      <subfield code="4">https://d-nb.info/standards/elementset/gnd#dateOfBirthAndDeath</subfield>
      <subfield code="w">r</subfield>
      <subfield code="i">Exakte Lebensdaten</subfield>
      <subfield code="9">v:abweichendes Todesjahr: 1644</subfield>
    </datafield>
    <datafield tag="550" ind1=" " ind2=" ">
      <subfield code="0">(DE-101)970412827</subfield>
      <subfield code="0">(DE-588)4770088-9</subfield>
      <subfield code="0">https://d-nb.info/gnd/4770088-9</subfield>
      <subfield code="a">Gräfin</subfield>
      <subfield code="4">adel</subfield>
      <subfield code="4">https://d-nb.info/standards/elementset/gnd#titleOfNobility</subfield>
      <subfield code="w">r</subfield>
      <subfield code="i">Adelstitel</subfield>
    </datafield>
    <datafield tag="667" ind1=" " ind2=" ">
      <subfield code="a">VD-17</subfield>
    </datafield>
    <datafield tag="670" ind1=" " ind2=" ">
      <subfield code="a">Wikipedia</subfield>
      <subfield code="u">https://de.wikipedia.org/wiki/Elisabeth_zur_Lippe</subfield>
    </datafield>
    <datafield tag="672" ind1=" " ind2="0">
      <subfield code="a">Bucholtz, Chhristoph Joachim: Oratio Funebris ... - 1646</subfield>
    </datafield>
    <datafield tag="678" ind1=" " ind2=" ">
      <subfield code="b">Ehefrau und Witwe Georg Hermanns von Holstein-Schauenburg</subfield>
    </datafield>
    <datafield tag="913" ind1=" " ind2=" ">
      <subfield code="S">pnd</subfield>
      <subfield code="i">5</subfield>
      <subfield code="a">Elisabeth &lt;Holstein-Schauenburg, Gräfin&gt;</subfield>
      <subfield code="0">(DE-588a)120064065</subfield>
    </datafield>
    <datafield tag="913" ind1=" " ind2=" ">
      <subfield code="S">pnd</subfield>
      <subfield code="i">5</subfield>
      <subfield code="a">Elisabeth &lt;Holstein-Schauenburg, Gräfin&gt;</subfield>
      <subfield code="0">(DE-588a)101693761X</subfield>
    </datafield>
  </record>
